<?xml version="1.0" encoding="UTF-8"?><collection xmlns="http://www.loc.gov/MARC21/slim"><record><leader>00524nam--2200145-i-4500</leader><controlfield tag="001">000032087</controlfield><controlfield tag="002">20161230</controlfield><controlfield tag="005">20161230201039</controlfield><controlfield tag="008">060222s1000------------r-----000-0-eng-d</controlfield><datafield ind1=" " ind2=" " tag="080"><subfield code="a">621.313.323.001.5</subfield></datafield><datafield ind1=" " ind2=" " tag="100"><subfield code="a">Marasescu C., Ionescu C., Podasca A</subfield></datafield><datafield ind1=" " ind2=" " tag="245"><subfield code="a">Aspecte privind resincronizarea motoarelor sincrone de mare putrere utilizate in instalatiile industriale</subfield></datafield><datafield ind1=" " ind2=" " tag="260"><subfield code="a">Bucuresti, Cons.Nat. Al Ing. Si Tehn., 1969, 14p</subfield></datafield><datafield ind1=" " ind2=" " tag="490"><subfield code="a">A Doua Conferinta A Electricienilor. I. Sectia Masini Electrice</subfield></datafield><datafield ind1=" " ind2=" " tag="852"><subfield code="a">31587</subfield></datafield></record></collection>